@misc{Jordan_2019, title={Artificial Intelligence-the revolution hasn’t happened yet}, url={https://hdsr.mitpress.mit.edu/pub/wot7mkc1/release/10}, journal={Harvard Data Science Review}, publisher={PubPub}, author={Jordan, Michael I.}, year={2019}, month={Jul}} 

@misc{D’Ignazio_Klein_2020, title={Data feminism}, url={https://data-feminism.mitpress.mit.edu/}, journal={Data Feminism}, publisher={The MIT Press}, author={D’Ignazio, Catherine and Klein, Lauren F.}, year={2020}} 

@misc{Au_2020, title={Data Cleaning is analysis, not grunt work}, url={https://counting.substack.com/p/data-cleaning-is-analysis-not-grunt}, journal={Data Cleaning IS Analysis, Not Grunt Work - by Randy Au}, publisher={Counting Stuff}, author={Au, Randy}, year={2020}, month={Sep}} 

@misc{Edquist_Grennan_Griffiths_Rowshankish_2022, title={Data ethics: What it means and what it takes}, url={https://www.mckinsey.com/capabilities/mckinsey-digital/our-insights/data-ethics-what-it-means-and-what-it-takes}, journal={McKinsey & Company}, publisher={McKinsey & Company}, author={Edquist, Alex and Grennan, Liz and Griffiths, Sian and Rowshankish, Kayvaun}, year={2022}, month={Sep}} 